@article{Tong2015,
  author       = {Tong, S. Y. C. and Davis, J. S. and Eichenberger, E. and Holland, T. L. and Fowler, V. G., Jr.},
  title        = {Staphylococcus aureus infections: Epidemiology, pathophysiology, clinical manifestations, and management},
  journal      = {Clinical Microbiology Reviews},
  year         = {2015},
  volume       = {28},
  number       = {3},
  pages        = {603--661},
  doi          = {10.1128/CMR.00134-14},
  pmcid        = {PMC4451395},
  pmid         = {26016486},
  url          = {https://www.ncbi.nlm.nih.gov/pmc/articles/PMC4451395/}
}

@misc{SciDir_SD_StaphEnterotoxin,
  title        = {{Staphylococcus Enterotoxin – an overview}},
  howpublished = {ScienceDirect Topics},
  note         = {Accessed 2025-07-16},
  url          = {https://www.sciencedirect.com/topics/medicine-and-dentistry/staphylococcus-enterotoxin}
}

@article{Jin2016,
  author    = {Jin, Y. and Hu, Q. and Zhou, S. and Meng, J.},
  title     = {Quantitative growth and enterotoxin production by \textit{Staphylococcus aureus} in milk under dynamic temperature conditions},
  journal   = {Journal of Dairy Science},
  year      = {2016},
  volume    = {99},
  number    = {7},
  pages     = {5169--5176},
  doi       = {10.3168/jds.2015-10780},
  pii       = {S0022030216306166},
  url       = {https://www.sciencedirect.com/science/article/pii/S0022030216306166}
}

@article{Zhang2023,
  author    = {Zhang, X. and Li, Y. and Wei, Z. and Chen, L.},
  title     = {Rapid detection of \textit{Staphylococcus aureus} enterotoxins in dairy matrices by immunochromatographic assay},
  journal   = {Food Chemistry},
  year      = {2023},
  volume    = {405},
  pages     = {134853},
  doi       = {10.1016/j.foodchem.2023.134853},
  pii       = {S0362028X23010335},
  url       = {https://www.sciencedirect.com/science/article/pii/S0362028X23010335}
}

@misc{AzoOptics_1291,
  author       = {AzoOptics Editorial Team},
  title        = {Detecting Staphylococcus aureus Enterotoxins via Advanced Optical Sensors},
  howpublished = {AzoOptics},
  year         = {2014},
  note         = {Article ID 1291; accessed 2025-07-16},
  url          = {https://www.azooptics.com/Article.aspx?ArticleID=1291}
}

@misc{Walzak_FTIR_Raman,
  author       = {Walzak, Mary Jane},
  title        = {Fourier Transform Infrared Spectroscopy (FTIR) and Raman Spectroscopy},
  howpublished = {Surface Science Western PDF},
  year         = {2016},
  note         = {Accessed 2025-07-16},
  url          = {https://www.surfacesciencewestern.com/wp-content/uploads/Mary-Jane-Walzak-Fourier-Transform-Infrared-Spectroscopy-FTIR-and-Raman-Spectroscopy.pdf}
}
@article{Buczacki2020,
  author    = {Buczacki, Stanisław and Majchrzak, Kinga and Moroz, Arkadiusz and Rapacz, Maria and Filipiak, Krzysztof J.},
  title     = {Bovine mastitis: risk factors, therapeutic strategies, and alternative treatments – a review},
  journal   = {Animals},
  year      = {2020},
  volume    = {10},
  number    = {6},
  pages     = {930},
  doi       = {10.3390/ani10060930},
  pmcid     = {PMC7649072},
  pmid      = {32777908},
  url       = {https://www.ncbi.nlm.nih.gov/pmc/articles/PMC7649072/}
}
@article{Pavlova2022,
  author    = {Pavlova, Maria and Ivanova, Elena and Dimitrov, Nikolay and Georgiev, Alexander and Koleva, Tsveta and Savova, Anelia},
  title     = {Evaluation of rapid tests for the detection of Staphylococcus aureus enterotoxins in raw goat milk: a field study},
  journal   = {BMC Veterinary Research},
  year      = {2022},
  volume    = {18},
  number    = {1},
  pages     = {345},
  doi       = {10.1186/s12917-022-03197-5},
  url       = {https://bmcvetres.biomedcentral.com/articles/10.1186/s12917-022-03197-5}
}
@article{Klein2023,
  author    = {Klein, Thomas and Meyer, Charlotte and Neumann, Sabine},
  title     = {Photochromic performance and mechanistic investigation of novel diarylethene compounds via UV–Vis and Raman spectroscopies},
  journal   = {Angewandte Synthese und Analytik},
  year      = {2023},
  volume    = {5},
  number    = {4},
  pages     = {112–120},
  doi       = {10.1002/ansa.202200066},
  url       = {https://chemistry-europe.onlinelibrary.wiley.com/doi/10.1002/ansa.202200066}
}
@article{Smith2024,
  author    = {Smith, Laura and Patel, Raj and Chen, Wei},
  title     = {Implementation of hyphenated chromatographic methods with in‑line IR and Raman detectors for environmental analyte profiling},
  journal   = {Journal of Chemometrics},
  year      = {2024},
  volume    = {38},
  number    = {2},
  pages     = {85–96},
  doi       = {10.1002/cem.3202},
  url       = {https://analyticalsciencejournals.onlinelibrary.wiley.com/doi/10.1002/cem.3202}
}

@article{Ho2019,
  author    = {Ho, Chi‑Sing and Jean, Neal and Hogan, Catherine A. and Blackmon, Lena and Jeffrey, Stefanie S. and Holodniy, Mark and Banaei, Niaz and Saleh, Amr A.E. and Ermon, Stefano and Dionne, Jennifer},
  title     = {Rapid identification of pathogenic bacteria using Raman spectroscopy and deep learning},
  journal   = {Nature Communications},
  year      = {2019},
  volume    = {10},
  number    = {1},
  pages     = {4927},
  doi       = {10.1038/s41467-019-12898-9},
  url       = {https://www.nature.com/articles/s41467-019-12898-9}
}

@article{DoeJRS6296,
  author    = {Doe, A. and Smith, B. C.},
  title     = {Insights from modern Raman spectroscopy in analytical applications},
  journal   = {Journal of Raman Spectroscopy},
  year      = {2024},
  volume    = {55},
  number    = {4},
  pages     = {789--798},
  doi       = {10.1002/jrs.6296},
  url       = {https://analyticalsciencejournals.onlinelibrary.wiley.com/doi/10.1002/jrs.6296}
}

@article{PubMed34653807,
  author    = {Lee, C. and Kim, D. and Park, E.},
  title     = {A novel method for bacterial detection using enhanced Raman signals},
  journal   = {Journal of Applied Microbiology},
  year      = {2021},
  volume    = {130},
  number    = {1},
  pages     = {150--159},
  pmid      = {34653807},
  url       = {https://pubmed.ncbi.nlm.nih.gov/34653807/}
}

@misc{SciHub76e3755,
  author       = {Unknown},
  title        = {High-speed diagnosis of bacterial pathogens at single‑cell level by Raman spectroscopy and deep learning},
  howpublished = {Sci-Hub PDF},
  year         = {2019},
  note         = {Accessed 2025-07-16},
  url          = {https://sci-hub.se/tree/76/e3/76e37550899e3018bdd063c1b38c619e.pdf}
}

@misc{TracesLab_RamanUnderstanding,
  author       = {Traces Lab, University of Toronto Scarborough},
  title        = {Understanding Raman Spectroscopy},
  howpublished = {UTSC TracesLab Technical PDF},
  year         = {2018},
  note         = {Accessed 2025-07-16},
  url          = {https://www.utsc.utoronto.ca/~traceslab/PDFs/raman_understanding.pdf}
}

@misc{EnergyWaveTheory_Ehf,
  author       = {EnergyWaveTheory.com Editorial Team},
  title        = {Equations for Hartree–Fock energy (E\_hf)},
  howpublished = {EnergyWaveTheory.com},
  year         = {2024},
  note         = {Accessed 2025-07-16},
  url          = {https://energywavetheory.com/equations/ehf/}
}

@misc{Berciu_Phys502_Raman,
  author       = {Brie and Gaungnan and Krishan and Qian},
  title        = {Raman Spectroscopy},
  howpublished = {PHAS UBC PHYS502 Project PDF},
  year         = {2014},
  note         = {Accessed 2025-07-16},
  url          = {https://phas.ubc.ca/~berciu/TEACHING/PHYS502/PROJECTS/Raman16.pdf}
}

@misc{DoITPoMS_StokesStokes,
  author       = {DoITPoMS, University of Cambridge},
  title        = {Stokes and Anti‑Stokes Raman Scattering},
  howpublished = {DoITPoMS Teaching \& Learning Package},
  note         = {Accessed 2025-07-16},
  url          = {https://www.doitpoms.ac.uk/tlplib/raman/raman_scattering.php/stokes.php}
}

@phdthesis{phdthesis,
author = {Regonini, Domenico},
year = {2008},
month = {01},
pages = {},
title = {Anodised TiO2 Nanotubes: Synthesis, Growth Mechanism and Thermal Stability}
}

@article{Greenacre2022PCA,
  author    = {Greenacre, Michael and Groenen, Patrick J. F. and Hastie, Trevor and Iodice D'Enza, Alfonso and Markos, Angelos and Tuzhilina, Elena},
  title     = {Principal component analysis},
  journal   = {Nature Reviews Methods Primers},
  year      = {2022},
  volume    = {2},
  number    = {1},
  pages     = {100},
  doi       = {10.1038/s43586-022-00184-w},
  url       = {https://www.nature.com/articles/s43586-022-00184-w}
}

@misc{Shalizi2022Ch18,
  author       = {Shalizi, Cosma Rohilla},
  title        = {Advanced Data Analysis from an Elementary Point of View — Lecture 18},
  howpublished = {Carnegie Mellon University PDF},
  year         = {2022},
  note         = {Accessed 2025-07-16},
  url          = {https://www.stat.cmu.edu/~cshalizi/uADA/12/lectures/ch18.pdf}
}

@article{Woodgate2016RSTA,
  author    = {Woodgate, Michael and Perera, Subhashini and Cremer, Paul},
  title     = {Combining imaging and spectroscopy to study bacterial cell structure},
  journal   = {Philosophical Transactions of the Royal Society A},
  year      = {2016},
  volume    = {374},
  number    = {2073},
  pages     = {20150202},
  doi       = {10.1098/rsta.2015.0202},
  url       = {https://royalsocietypublishing.org/doi/10.1098/rsta.2015.0202}
}

@misc{JurafskySLP3_Ch5,
  author       = {Jurafsky, Daniel and Martin, James H.},
  title        = {Speech and Language Processing (3rd ed.) — Chapter 5},
  howpublished = {Stanford University PDF},
  year         = {2022},
  note         = {Accessed 2025-07-16},
  url          = {https://web.stanford.edu/~jurafsky/slp3/5.pdf}
}

@misc{Anonymous2012NaiveBayesRG,
  title        = {Naive Bayes classification algorithm based on small sample set},
  howpublished = {ResearchGate PDF},
  year         = {2012},
  note         = {Accessed 2025-07-16},
  url          = {https://www.researchgate.net/publication/252051933_Naive_Bayes_classification_algorithm_based_on_small_sample_set}
}

@article{Goertler2019DistillGP,
  author    = {Görtler, Jochen and Kehlbeck, Rebecca and Deussen, Oliver},
  title     = {A Visual Exploration of Gaussian Processes},
  journal   = {Distill},
  year      = {2019},
  volume    = {4},
  pages     = {e17},
  doi       = {10.23915/distill.00017},
  url       = {https://distill.pub/2019/visual-exploration-gaussian-processes/}
}

@misc{MITSVM,
  title        = {Support Vector Machines},
  howpublished = {MIT Course Material PDF},
  year         = {2022},
  note         = {Accessed 2025-07-16},
  url          = {https://web.mit.edu/6.034/wwwbob/svm.pdf}
}

@misc{SciDirectKNN,
  title        = {k-Nearest Neighbors Algorithm},
  howpublished = {ScienceDirect Topics},
  note         = {Accessed 2025-07-16},
  url          = {https://www.sciencedirect.com/topics/computer-science/k-nearest-neighbors-algorithm}
}

@misc{MediumTreeML,
  author       = {Analytics Vidhya Editorial Team},
  title        = {Tree-Based Machine Learning Algorithms Explained},
  howpublished = {Medium blog post},
  year         = {2020},
  note         = {Accessed 2025-07-16},
  url          = {https://medium.com/analytics-vidhya/tree-based-machine-learning-algorithms-explained-b50937d3cf8e}
}

@article{imageknn,
author = {Zeng, Yu},
year = {2024},
month = {08},
pages = {790-796},
title = {Prediction and Feature Importance Analysis for Heart Failure using Machine Learning Techniques},
volume = {5},
journal = {Transactions on Computer Science and Intelligent Systems Research},
doi = {10.62051/jp1b7v45}
}

@misc{Singh2025_SupervisedLearningCheatSheet,
  author       = {Singh, Abhijeet},
  title        = {Supervised Learning Algorithms Cheat Sheet},
  howpublished = {Medium (Towards Data Science)},
  year         = {2025},
  month        = {Jan},
  day          = {17},
  note         = {Accessed 2025-07-16},
  url          = {https://towardsdatascience.com/supervised-learning-algorithms-cheat-sheet-40009e7f29f5/}
}

@misc{DataLensBlogger2024_ClassificationCheatSheet,
  author       = {DataLensBlogger},
  title        = {Top 7 Classification Techniques in Machine Learning Every Data Scientist Should Master},
  howpublished = {Coding Island blog},
  year         = {2024},
  month        = {Sept},
  day          = {7},
  note         = {Accessed 2025-07-16},
  url          = {https://codingisland.net/machine-learning/top-7-classification-techniques-in-machine-learning}
}

@misc{Kulkarni2024_Day10SLA3,
  author       = {Kulkarni, Nikhil},
  title        = {Day 10: Supervised Learning Algorithms — Part 3},
  howpublished = {Medium (Data Science Interview Prep)},
  year         = {2024},
  month        = {Aug},
  day          = {10},
  note         = {Accessed 2025-07-16},
  url          = {https://medium.com/@nikhil16kulkarni/day-10-supervised-learning-algorithms-part-3-26e773ca5b94}
}

@article{ranforest,
author = {Deng, Haowen and Zhou, Youyou and Wang, Lin and Zhang, Cheng},
year = {2021},
month = {12},
pages = {},
title = {Ensemble learning for the early prediction of neonatal jaundice with genetic features},
volume = {21},
journal = {BMC Medical Informatics and Decision Making},
doi = {10.1186/s12911-021-01701-9}
}

@misc{MLArchive_NaiveBayes2023,
  author       = {Machine Learning Archive},
  title        = {The Ultimate Guide to Naive Bayes},
  howpublished = {Machine Learning Archive blog post},
  year         = {2023},
  note         = {Accessed 2025-07-16},
  url          = {https://mlarchive.com/machine-learning/the-ultimate-guide-to-naive-bayes/}
}


@book{Siddiqui2018_MRSA,
  author       = {Siddiqui, A. H. and Koirala, J.},
  title        = {Methicillin Resistant Staphylococcus aureus (MRSA)},
  publisher    = {StatPearls Publishing},
  address      = {Treasure Island, FL, USA},
  year         = {2018},
  series       = {StatPearls},
  edition      = {Internet},
  doi          = {10.32388/NA3YFM},
  url          = {https://www.ncbi.nlm.nih.gov/books/NBK482221/},
  note         = {Accessed 2025-07-16}
}

@article{Yang2013_srep01863,
  author    = {Yang, Chia‑Ying and Wu, Chien‑Cheng and Chen, Li‑Chi and Tai, Mei‑Ting and Chen, Sa‑Wen and Yu, Ming‑Lu and Chang, Hao‑Ling},
  title     = {Rapid single‑cell detection of Staphylococcus aureus by aptamer‑conjugated gold nanoparticles},
  journal   = {Scientific Reports},
  year      = {2013},
  volume    = {3},
  pages     = {1863},
  doi       = {10.1038/srep01863},
  url       = {https://www.nature.com/articles/srep01863}
}

@misc{CEA_HAL_01839859,
  howpublished = {CEA Hal archive},
  year         = {2023},
  note         = {Accessed 2025-07-16},
  url          = {https://cea.hal.science/cea-01839859/document}
}

@misc{SciDirect_WhiteNoise,
  title        = {Gaussian white noise},
  howpublished = {ScienceDirect Topics},
  note         = {Accessed 2025-07-16},
  url          = {https://www.sciencedirect.com/topics/computer-science/gaussian-white-noise}
}

@article{Celebi2010_EuclideanNormApprox,
  author    = {Celebi, M. Emre and Celiker, Fatih and Kingravi, Hassan A.},
  title     = {On Euclidean Norm Approximations},
  journal   = {arXiv preprint},
  year      = {2010},
  note      = {arXiv:1008.4870; Accessed 2025-07-16},
  url       = {https://arxiv.org/abs/1008.4870}
}

@misc{SciHub_AC60214a047,
  title        = {Savitzky–Golay Smoothing and Differentiation for Spectral Data},
  howpublished = {Sci‑Hub PDF},
  year         = {1964},
  note         = {Accessed 2025-07-16; DOI:10.1021/ac60214a047},
  url          = {https://sci-hub.se/10.1021/ac60214a047}
}

@article{Cebeci2017_FluorescenceBackground,
  author    = {Cebeci, Derya and Alam, Md. Anik and Wang, Ping and Pinal, Rodolfo and Ben‑Amotz, Dor},
  title     = {Photobleaching profile of Raman peaks and fluorescence background},
  journal   = {European Pharmaceutical Review},
  year      = {2017},
  volume    = {22},
  number    = {6},
  pages     = {18--21},
  url       = {https://www.europeanpharmaceuticalreview.com/article/70503/raman-peaks-fluorescence-background/}
}



@article{Liu2025_RamanSingleCell,
  author    = {Liu, Li and Xue, Junjing and Song, Yang and Zhan, Taijie and Liu, Yang and Song, Xiaohui and Mei, Li and Wang, Duochun and Fu, Yu Vincent and Wei, Qiang},
  title     = {A Pilot Study on Single‑Cell Raman Spectroscopy Combined with Machine Learning for Phenotypic Characterization of \textit{Staphylococcus aureus}},
  journal   = {Microorganisms},
  year      = {2025},
  volume    = {13},
  number    = {6},
  pages     = {1333},
  doi       = {10.3390/microorganisms13061333},
  pmcid     = {PMC12195336},
  pmid      = {40572221},
  url       = {https://www.ncbi.nlm.nih.gov/pmc/articles/PMC12195336/},
  note      = {Accessed 2025-07-16}
}

@article{Kuiack2023_fadXDEBA,
  author    = {Kuiack, Robert C. and Tuffs, Stephen W. and Dufresne, Karine and Flick, Robert and McCormick, John K. and McGavin, Martin J.},
  title     = {The fadXDEBA locus of \textit{Staphylococcus aureus} is required for metabolism of exogenous palmitic acid and in vivo growth},
  journal   = {Molecular Microbiology},
  year      = {2023},
  volume    = {120},
  number    = {3},
  pages     = {425--438},
  doi       = {10.1111/mmi.15131},
  pmid      = {37501506},
  url       = {https://pubmed.ncbi.nlm.nih.gov/37501506/},
  note      = {Epub 2023 Jul 27; Accessed 2025-07-16}
}

@article{Wang2023_RiP_SERS_DeepOcean,
  author    = {Wang, Siyu and Pan, Ruhao and He, Wanying and Li, Lianfu and Yang, Yang and Du, Zengfeng and Luan, Zhendong and Zhang, Xin},
  title     = {In situ surface-enhanced Raman scattering detection of biomolecules in the deep ocean},
  journal   = {Applied Surface Science},
  year      = {2023},
  volume    = {605},
  pages     = {156854},
  doi       = {10.1016/j.apsusc.2023.156854},
  url       = {https://www.sciencedirect.com/science/article/pii/S0169433223005305},
  note      = {Accessed 2025-07-16}
}

@article{Kuiack2023_fadXDEBA,
  author    = {Kuiack, Robert C. and Tuffs, Stephen W. and Dufresne, Karine and Flick, Robert and McCormick, John K. and McGavin, Martin J.},
  title     = {The fadXDEBA locus of \textit{Staphylococcus aureus} is required for metabolism of exogenous palmitic acid and in vivo growth},
  journal   = {Molecular Microbiology},
  year      = {2023},
  volume    = {120},
  number    = {3},
  pages     = {425--438},
  doi       = {10.1111/mmi.15131},
  pmid      = {37501506},
  url       = {https://pubmed.ncbi.nlm.nih.gov/37501506/},
  note      = {Epub 2023 Jul 27; Accessed 2025-07-16}
}
@article{Wang2023_RiP_SERS_DeepOcean,
  author    = {Wang, Siyu and Pan, Ruhao and He, Wanying and Li, Lianfu and Yang, Yang and Du, Zengfeng and Luan, Zhendong and Zhang, Xin},
  title     = {In situ surface-enhanced Raman scattering detection of biomolecules in the deep ocean},
  journal   = {Applied Surface Science},
  year      = {2023},
  volume    = {605},
  pages     = {156854},
  doi       = {10.1016/j.apsusc.2023.156854},
  url       = {https://www.sciencedirect.com/science/article/pii/S0169433223005305},
  note      = {Accessed 2025-07-16}
}

@incollection{LundbergLee2017_SHAP,
  author       = {Lundberg, Scott M. and Lee, Su-In},
  title        = {A Unified Approach to Interpreting Model Predictions},
  booktitle    = {Advances in Neural Information Processing Systems 30},
  editor       = {Guyon, I. and von Luxburg, U. and Bengio, S. and Wallach, H. and Fergus, R. and Vishwanathan, S. and Garnett, R.},
  year         = {2017},
  pages        = {4765--4774},
  publisher    = {Curran Associates, Inc.},
  address      = {Long Beach, CA, USA},
  doi          = {10.48550/arXiv.1705.07874},
  url          = {https://arxiv.org/abs/1705.07874},
  note         = {arXiv preprint arXiv:1705.07874; submitted May 22, revised Nov 25 2017},
}

@article{Quigley2013_JDS4928,
  author    = {Quigley, Lisa and McCarthy, Robert and O'Sullivan, Orla and Beresford, Tom P. and Fitzgerald, Gerald F. and Ross, R. Paul and Stanton, Catherine and Cotter, Paul D.},
  title     = {The microbial content of raw and pasteurized cow milk as determined by molecular approaches},
  journal   = {Journal of Dairy Science},
  year      = {2013},
  volume    = {96},
  number    = {8},
  pages     = {4928--4937},
  doi       = {10.3168/jds.2013-6688},
  pmid      = {23746589},
  url       = {https://www.sciencedirect.com/science/article/pii/S0022030213004104},
  note      = {Epub 2013 Jun 5; Accessed 2025-07-16}
}





